<?xml version="1.0" encoding="UTF-8"?><record xmlns="http://www.loc.gov/MARC21/slim" xmlns:cinclude="http://apache.org/cocoon/include/1.0" xmlns:zs="http://www.loc.gov/zing/srw/">
  <leader>00347nz  a2200121n  4500</leader>
  <controlfield tag="001">n  85099492 </controlfield>
  <controlfield tag="003">DLC</controlfield>
  <controlfield tag="005">19850806153840.4</controlfield>
  <controlfield tag="008">850613n| acannaab|          |n aaa ||| c</controlfield>
  <datafield tag="010" ind1=" " ind2=" ">
    <subfield code="a">n  85099492 </subfield>
  </datafield>
  <datafield tag="040" ind1=" " ind2=" ">
    <subfield code="a">DGPO</subfield>
    <subfield code="c">DLC</subfield>
    <subfield code="d">DLC</subfield>
  </datafield>
  <datafield tag="100" ind1="1" ind2="0">
    <subfield code="a">Paddock, Ray M.</subfield>
  </datafield>
  <datafield tag="670" ind1=" " ind2=" ">
    <subfield code="a">His Jet engine mechanic, 1985:</subfield>
    <subfield code="b">t.p. verso (Ray M. Paddock, Chanute Air Force Base, Ill.)</subfield>
  </datafield>
</record>